%% This BibTeX bibliography file was created using BibDesk.
%% http://bibdesk.sourceforge.net/


%% Created for David Long at 2012-10-15 15:14:21 -1000 


%% Saved with string encoding Unicode (UTF-8) 



@article{2009ApJ...707..503M,
	Adsnote = {Provided by the SAO/NASA Astrophysics Data System},
	Adsurl = {http://adsabs.harvard.edu/abs/2009ApJ...707..503M},
	Author = {{Ma}, S. and {Wills-Davey}, M.~J. and {Lin}, J. and {Chen}, P.~F. and {Attrill}, G.~D.~R. and {Chen}, H. and {Zhao}, S. and {Li}, Q. and {Golub}, L.},
	Date-Added = {2012-10-16 01:14:14 +0000},
	Date-Modified = {2012-10-16 01:14:14 +0000},
	Doi = {10.1088/0004-637X/707/1/503},
	Journal = {\apj},
	Keywords = {Sun: activity, Sun: corona, Sun: coronal mass ejections: CMEs, Sun: UV radiation},
	Month = dec,
	Pages = {503-509},
	Title = {{A New View of Coronal Waves from STEREO}},
	Volume = 707,
	Year = 2009,
	Bdsk-Url-1 = {http://dx.doi.org/10.1088/0004-637X/707/1/503}}

@article{2010A&A...516A..44L,
	Adsnote = {Provided by the SAO/NASA Astrophysics Data System},
	Adsurl = {http://adsabs.harvard.edu/abs/2010A%26A...516A..44L},
	Archiveprefix = {arXiv},
	Author = {{Lin}, C.-H. and {Gallagher}, P.~T. and {Raftery}, C.~L.},
	Date-Added = {2012-10-16 01:11:56 +0000},
	Date-Modified = {2012-10-16 01:11:56 +0000},
	Doi = {10.1051/0004-6361/200913167},
	Eid = {A44},
	Eprint = {1003.5035},
	Journal = {\aap},
	Keywords = {Sun: coronal mass ejections (CMEs), Sun: flares, magnetic fields, Sun: corona, Sun: atmosphere},
	Month = jun,
	Pages = {A44},
	Primaryclass = {astro-ph.SR},
	Title = {{Investigating the driving mechanisms of coronal mass ejections}},
	Volume = 516,
	Year = 2010,
	Bdsk-Url-1 = {http://dx.doi.org/10.1051/0004-6361/200913167}}

@article{2012ApJ...753..112Z,
	Adsnote = {Provided by the SAO/NASA Astrophysics Data System},
	Adsurl = {http://adsabs.harvard.edu/abs/2012ApJ...753..112Z},
	Author = {{Zheng}, R. and {Jiang}, Y. and {Yang}, J. and {Bi}, Y. and {Hong}, J. and {Yang}, D. and {Yang}, B.},
	Date-Added = {2012-10-13 02:15:42 +0000},
	Date-Modified = {2012-10-13 02:15:42 +0000},
	Doi = {10.1088/0004-637X/753/2/112},
	Eid = {112},
	Journal = {\apj},
	Keywords = {Sun: activity, Sun: corona, Sun: filaments, prominences},
	Month = jul,
	Pages = {112},
	Title = {{A Fast Propagating Extreme-Ultraviolet Wave Associated with a Mini-filament Eruption}},
	Volume = 753,
	Year = 2012,
	Bdsk-Url-1 = {http://dx.doi.org/10.1088/0004-637X/753/2/112}}

@article{2011ApJ...732L..20C,
	Adsnote = {Provided by the SAO/NASA Astrophysics Data System},
	Adsurl = {http://adsabs.harvard.edu/abs/2011ApJ...732L..20C},
	Archiveprefix = {arXiv},
	Author = {{Chen}, P.~F. and {Wu}, Y.},
	Date-Added = {2012-10-13 02:09:22 +0000},
	Date-Modified = {2012-10-13 02:09:22 +0000},
	Doi = {10.1088/2041-8205/732/2/L20},
	Eid = {L20},
	Eprint = {1103.0871},
	Journal = {\apjl},
	Keywords = {Sun: corona, Sun: coronal mass ejections: CMEs, waves},
	Month = may,
	Pages = {L20},
	Primaryclass = {astro-ph.SR},
	Title = {{First Evidence of Coexisting EIT Wave and Coronal Moreton Wave from SDO/AIA Observations}},
	Volume = 732,
	Year = 2011,
	Bdsk-Url-1 = {http://dx.doi.org/10.1088/2041-8205/732/2/L20}}

@article{2011ApJ...738..167S,
	Adsnote = {Provided by the SAO/NASA Astrophysics Data System},
	Adsurl = {http://adsabs.harvard.edu/abs/2011ApJ...738..167S},
	Author = {{Schrijver}, C.~J. and {Aulanier}, G. and {Title}, A.~M. and {Pariat}, E. and {Delann{\'e}e}, C.},
	Date-Added = {2012-10-13 02:08:16 +0000},
	Date-Modified = {2012-10-13 02:08:16 +0000},
	Doi = {10.1088/0004-637X/738/2/167},
	Eid = {167},
	Journal = {\apj},
	Keywords = {Sun: coronal mass ejections: CMEs, Sun: flares},
	Month = sep,
	Pages = {167},
	Title = {{The 2011 February 15 X2 Flare, Ribbons, Coronal Front, and Mass Ejection: Interpreting the Three-dimensional Views from the Solar Dynamics Observatory and STEREO Guided by Magnetohydrodynamic Flux-rope Modeling}},
	Volume = 738,
	Year = 2011,
	Bdsk-Url-1 = {http://dx.doi.org/10.1088/0004-637X/738/2/167}}

@article{2010ApJ...716L..57V,
	Adsnote = {Provided by the SAO/NASA Astrophysics Data System},
	Adsurl = {http://adsabs.harvard.edu/abs/2010ApJ...716L..57V},
	Archiveprefix = {arXiv},
	Author = {{Veronig}, A.~M. and {Muhr}, N. and {Kienreich}, I.~W. and {Temmer}, M. and {Vr{\v s}nak}, B.},
	Date-Added = {2012-10-13 02:06:54 +0000},
	Date-Modified = {2012-10-13 02:06:54 +0000},
	Doi = {10.1088/2041-8205/716/1/L57},
	Eprint = {1005.2060},
	Journal = {\apjl},
	Keywords = {Sun: corona, Sun: coronal mass ejections: CMEs, Sun: flares},
	Month = jun,
	Pages = {L57-L62},
	Primaryclass = {astro-ph.SR},
	Title = {{First Observations of a Dome-shaped Large-scale Coronal Extreme-ultraviolet Wave}},
	Volume = 716,
	Year = 2010,
	Bdsk-Url-1 = {http://dx.doi.org/10.1088/2041-8205/716/1/L57}}

@article{2012ApJ...754....7S,
	Adsnote = {Provided by the SAO/NASA Astrophysics Data System},
	Adsurl = {http://adsabs.harvard.edu/abs/2012ApJ...754....7S},
	Archiveprefix = {arXiv},
	Author = {{Shen}, Y. and {Liu}, Y.},
	Date-Added = {2012-10-13 02:06:00 +0000},
	Date-Modified = {2012-10-13 02:06:00 +0000},
	Doi = {10.1088/0004-637X/754/1/7},
	Eid = {7},
	Eprint = {1205.3733},
	Journal = {\apj},
	Keywords = {Sun: corona, Sun: coronal mass ejections: CMEs, Sun: flares, Sun: magnetic topology, Sun: oscillations},
	Month = jul,
	Pages = {7},
	Primaryclass = {astro-ph.SR},
	Title = {{Evidence for the Wave Nature of an Extreme Ultraviolet Wave Observed by the Atmospheric Imaging Assembly on Board the Solar Dynamics Observatory}},
	Volume = 754,
	Year = 2012,
	Bdsk-Url-1 = {http://dx.doi.org/10.1088/0004-637X/754/1/7}}

@article{2012SoPh..276..479P,
	Adsnote = {Provided by the SAO/NASA Astrophysics Data System},
	Adsurl = {http://adsabs.harvard.edu/abs/2012SoPh..276..479P},
	Archiveprefix = {arXiv},
	Author = {{Podladchikova}, O. and {Vuets}, A. and {Leontiev}, P. and {van der Linden}, R.~A.~M.},
	Date-Added = {2012-10-13 01:59:22 +0000},
	Date-Modified = {2012-10-16 00:55:17 +0000},
	Doi = {10.1007/s11207-011-9894-3},
	Eprint = {1103.4637},
	Journal = {\solphys},
	Keywords = {Corona, Coronal mass ejections, Flares, Instrumentation and data management, Low coronal signatures},
	Month = feb,
	Pages = {479-490},
	Primaryclass = {astro-ph.SR},
	Title = {{Recent Developments of NEMO: Detection of EUV Wave Characteristics}},
	Volume = 276,
	Year = 2012,
	Bdsk-Url-1 = {http://dx.doi.org/10.1007/s11207-011-9894-3}}

@article{2012ApJ...752..145B,
	Adsnote = {Provided by the SAO/NASA Astrophysics Data System},
	Adsurl = {http://adsabs.harvard.edu/abs/2012ApJ...752..145B},
	Archiveprefix = {arXiv},
	Author = {{Byrne}, J.~P. and {Morgan}, H. and {Habbal}, S.~R. and {Gallagher}, P.~T.},
	Date-Added = {2012-10-13 01:57:53 +0000},
	Date-Modified = {2012-10-13 02:02:16 +0000},
	Doi = {10.1088/0004-637X/752/2/145},
	Eid = {145},
	Eprint = {1207.6125},
	Journal = {\apj},
	Keywords = {Sun: activity, Sun: corona, Sun: coronal mass ejections: CMEs, techniques: image processing},
	Month = jun,
	Pages = {145},
	Primaryclass = {astro-ph.SR},
	Title = {{Automatic Detection and Tracking of Coronal Mass Ejections. II. Multiscale Filtering of Coronagraph Images}},
	Volume = 752,
	Year = 2012,
	Bdsk-Url-1 = {http://dx.doi.org/10.1088/0004-637X/752/2/145}}

@article{2012ApJ...752..144M,
	Adsnote = {Provided by the SAO/NASA Astrophysics Data System},
	Adsurl = {http://adsabs.harvard.edu/abs/2012ApJ...752..144M},
	Author = {{Morgan}, H. and {Byrne}, J.~P. and {Habbal}, S.~R.},
	Date-Added = {2012-10-13 01:57:22 +0000},
	Date-Modified = {2012-10-16 00:53:50 +0000},
	Doi = {10.1088/0004-637X/752/2/144},
	Eid = {144},
	Journal = {\apj},
	Keywords = {Sun: corona, Sun: coronal mass ejections: CMEs, solar wind},
	Month = jun,
	Pages = {144},
	Title = {{Automatically Detecting and Tracking Coronal Mass Ejections. I. Separation of Dynamic and Quiescent Components in Coronagraph Images}},
	Volume = 752,
	Year = 2012,
	Bdsk-Url-1 = {http://dx.doi.org/10.1088/0004-637X/752/2/144}}

@article{2011A&A...531A..42L,
	Adsnote = {Provided by the SAO/NASA Astrophysics Data System},
	Adsurl = {http://adsabs.harvard.edu/abs/2011A%26A...531A..42L},
	Archiveprefix = {arXiv},
	Author = {{Long}, D.~M. and {Gallagher}, P.~T. and {McAteer}, R.~T.~J. and {Bloomfield}, D.~S.},
	Date-Added = {2012-10-13 01:56:37 +0000},
	Date-Modified = {2012-10-16 00:54:34 +0000},
	Doi = {10.1051/0004-6361/201015879},
	Eid = {A42},
	Eprint = {1104.4334},
	Journal = {\aap},
	Keywords = {Sun: corona, Sun: coronal mass ejections (CMEs), Sun: flares, Sun: UV radiation, waves},
	Month = jul,
	Pages = {A42},
	Primaryclass = {astro-ph.SR},
	Title = {{Deceleration and dispersion of large-scale coronal bright fronts}},
	Volume = 531,
	Year = 2011,
	Bdsk-Url-1 = {http://dx.doi.org/10.1051/0004-6361/201015879}}

@article{2009A&A...495..325B,
	Adsnote = {Provided by the SAO/NASA Astrophysics Data System},
	Adsurl = {http://adsabs.harvard.edu/abs/2009A%26A...495..325B},
	Archiveprefix = {arXiv},
	Author = {{Byrne}, J.~P. and {Gallagher}, P.~T. and {McAteer}, R.~T.~J. and {Young}, C.~A.},
	Date-Added = {2012-10-13 01:02:30 +0000},
	Date-Modified = {2012-10-13 01:02:30 +0000},
	Doi = {10.1051/0004-6361:200809811},
	Eprint = {0901.3392},
	Journal = {\aap},
	Keywords = {Sun: coronal mass ejections (CMEs), Sun: activity, techniques: image processing, methods: data analysis},
	Month = feb,
	Pages = {325-334},
	Primaryclass = {astro-ph.SR},
	Title = {{The kinematics of coronal mass ejections using multiscale methods}},
	Volume = 495,
	Year = 2009,
	Bdsk-Url-1 = {http://dx.doi.org/10.1051/0004-6361:200809811}}

@proceedings{2011ASSL..376.....H,
	Adsnote = {Provided by the SAO/NASA Astrophysics Data System},
	Adsurl = {http://adsabs.harvard.edu/abs/2011ASSL..376.....H},
	Booktitle = {Astrophysics and Space Science Library},
	Date-Added = {2012-10-13 00:47:52 +0000},
	Date-Modified = {2012-10-16 00:17:39 +0000},
	Doi = {10.1007/978-1-4419-8789-1},
	Editor = {{Howard}, T.},
	Series = {Astrophysics and Space Science Library},
	Title = {{Coronal Mass Ejections\%}},
	Volume = 376,
	Year = 2011,
	Bdsk-Url-1 = {http://dx.doi.org/10.1007/978-1-4419-8789-1}}

@article{2012LRSP....9....3W,
	Author = {David F. Webb and Timothy A. Howard},
	Date-Added = {2012-10-13 00:37:13 +0000},
	Date-Modified = {2012-10-16 00:12:28 +0000},
	Journal = {Living Reviews in Solar Physics},
	Number = {3},
	Title = {Coronal Mass Ejections: Observations},
	Url = {http://www.livingreviews.org/lrsp-2012-3},
	Volume = {9},
	Year = {2012},
	Bdsk-Url-1 = {http://www.livingreviews.org/lrsp-2012-3}}

@article{2012SoPh..tmp...93P,
	Author = {{Patsourakos}, S. and {Vourlidas}, A.},
	Date-Added = {2012-10-13 00:33:51 +0000},
	Date-Modified = {2012-10-16 00:11:53 +0000},
	Journal = {\solphys},
	Month = may,
	Pages = {93},
	Title = {{On the Nature and Genesis of EUV Waves: A Synthesis of Observations from SOHO, STEREO, SDO, and Hinode (Invited Review)}},
	Year = 2012,
	Bdsk-Url-1 = {http://dx.doi.org/10.1007/s11207-012-9988-6}}

@article{2011SSRv..158..365G,
	Author = {{Gallagher}, P.~T. and {Long}, D.~M.},
	Date-Added = {2012-10-13 00:32:59 +0000},
	Date-Modified = {2012-10-16 00:11:21 +0000},
	Journal = {\ssr},
	Month = jul,
	Pages = {365-396},
	Title = {{Large-scale Bright Fronts in the Solar Corona: A Review of ''EIT waves''}},
	Volume = 158,
	Year = 2011,
	Bdsk-Url-1 = {http://dx.doi.org/10.1007/s11214-010-9710-7}}

@article{2009ApJS..183..225T,
	Author = {{Thompson}, B.~J. and {Myers}, D.~C.},
	Date-Added = {2012-10-13 00:31:15 +0000},
	Date-Modified = {2012-10-16 00:10:45 +0000},
	Journal = {\apjs},
	Month = aug,
	Pages = {225-243},
	Title = {{A Catalog of Coronal ''EIT Wave'' Transients}},
	Volume = 183,
	Year = 2009,
	Bdsk-Url-1 = {http://dx.doi.org/10.1088/0067-0049/183/2/225}}

@article{2011A&A...532A.151W,
	Author = {{Warmuth}, A. and {Mann}, G.},
	Date-Added = {2012-10-13 00:22:19 +0000},
	Date-Modified = {2012-10-16 00:56:04 +0000},
	Journal = {\aap},
	Month = aug,
	Pages = {A151},
	Title = {{Kinematical evidence for physically different classes of large-scale coronal EUV waves}},
	Volume = 532,
	Year = 2011,
	Bdsk-Url-1 = {http://dx.doi.org/10.1051/0004-6361/201116685}}

@article{2004JGRA..10907105Y,
	Author = {{Yashiro}, S. and {Gopalswamy}, N. and {Michalek}, G. and {St.~Cyr}, O.~C. and {Plunkett}, S.~P. and {Rich}, N.~B. and {Howard}, R.~A.},
	Date-Added = {2012-10-13 00:21:23 +0000},
	Date-Modified = {2012-10-16 00:10:06 +0000},
	Journal = {Journal of Geophysical Research (Space Physics)},
	Month = jul,
	Number = A18,
	Pages = {7105},
	Title = {{A catalog of white light coronal mass ejections observed by the SOHO spacecraft}},
	Volume = 109,
	Year = 2004,
	Bdsk-Url-1 = {http://dx.doi.org/10.1029/2003JA010282}}

@article{1985JGR....90..275I,
	Author = {{Illing}, R.~M.~E. and {Hundhausen}, A.~J.},
	Date-Added = {2012-10-13 00:20:05 +0000},
	Date-Modified = {2012-10-16 00:09:24 +0000},
	Journal = {\jgr},
	Month = jan,
	Pages = {275-282},
	Title = {{Observation of a coronal transient from 1.2 to 6 solar radii}},
	Volume = 90,
	Year = 1985,
	Bdsk-Url-1 = {http://dx.doi.org/10.1029/JA090iA01p00275}}

@article{Efron:1979p1831,
	Author = {Efron, B.},
	Date-Added = {2012-10-12 21:58:28 +0000},
	Date-Modified = {2012-10-12 21:59:33 +0000},
	Journal = {Ann. Stat.},
	Pages = {1-26},
	Title = {{Bootstrap methods: Another look at the jackknife.}},
	Volume = {7},
	Year = {1979},
	Bdsk-Url-1 = {http://dx.doi.org/10.1214/aos/1176344552}}

@article{2011ApJ...739...89M,
	Author = {{Muhr}, N. and {Veronig}, A.~M. and {Kienreich}, I.~W. and {Temmer}, M. and {Vr{\v s}nak}, B.},
	Date-Added = {2012-10-05 18:45:01 +0000},
	Date-Modified = {2012-10-16 00:58:10 +0000},
	Journal = {\apj},
	Month = oct,
	Pages = {89},
	Title = {{Analysis of Characteristic Parameters of Large-scale Coronal Waves Observed by the Solar-Terrestrial Relations Observatory/Extreme Ultraviolet Imager}},
	Volume = 739,
	Year = 2011,
	Bdsk-Url-1 = {http://dx.doi.org/10.1088/0004-637X/739/2/89}}

@article{2008ApJ...681L.113V,
	Author = {{Veronig}, A.~M. and {Temmer}, M. and {Vr{\v s}nak}, B.},
	Date-Added = {2012-10-05 18:43:58 +0000},
	Date-Modified = {2012-10-16 00:58:37 +0000},
	Journal = {\apjl},
	Month = jul,
	Pages = {L113-L116},
	Title = {{High-Cadence Observations of a Global Coronal Wave by STEREO EUVI}},
	Volume = 681,
	Year = 2008,
	Bdsk-Url-1 = {http://dx.doi.org/10.1086/590493}}

@article{2004A&A...418.1101W,
	Author = {{Warmuth}, A. and {Vr{\v s}nak}, B. and {Magdaleni{\'c}}, J. and {Hanslmeier}, A. and {Otruba}, W.},
	Date-Added = {2012-10-05 02:30:27 +0000},
	Date-Modified = {2012-10-16 00:57:11 +0000},
	Journal = {\aap},
	Month = may,
	Pages = {1101-1115},
	Title = {{A multiwavelength study of solar flare waves. I. Observations and basic properties}},
	Volume = 418,
	Year = 2004,
	Bdsk-Url-1 = {http://dx.doi.org/10.1051/0004-6361:20034332}}

@article{2008ApJ...680L..81L,
	Author = {{Long}, D.~M. and {Gallagher}, P.~T. and {McAteer}, R.~T.~J. and {Bloomfield}, D.~S.},
	Date-Added = {2012-10-05 02:29:58 +0000},
	Date-Modified = {2012-10-16 00:57:39 +0000},
	Journal = {\apjl},
	Month = jun,
	Pages = {L81-L84},
	Title = {{The Kinematics of a Globally Propagating Disturbance in the Solar Corona}},
	Volume = 680,
	Year = 2008,
	Bdsk-Url-1 = {http://dx.doi.org/10.1086/589742}}

@article{2003ApJ...588L..53G,
	Author = {{Gallagher}, P.~T. and {Lawrence}, G.~R. and {Dennis}, B.~R.},
	Date-Added = {2012-10-05 02:28:14 +0000},
	Date-Modified = {2012-10-05 18:47:42 +0000},
	Journal = {\apjl},
	Month = may,
	Pages = {L53-L56},
	Title = {{Rapid Acceleration of a Coronal Mass Ejection in the Low Corona and Implications for Propagation}},
	Volume = 588,
	Year = 2003,
	Bdsk-Url-1 = {http://dx.doi.org/10.1086/375504}}

@article{2007ApJ...657.1117W,
	Author = {{Wen}, Y. and {Maia}, D.~J.~F. and {Wang}, J.},
	Date-Added = {2012-10-05 02:27:34 +0000},
	Date-Modified = {2012-10-05 18:47:50 +0000},
	Journal = {\apj},
	Month = mar,
	Pages = {1117-1126},
	Title = {{The CME Acceleration Problem: Error Estimates in LASCO Coronal Mass Ejection Measurements}},
	Volume = 657,
	Year = 2007,
	Bdsk-Url-1 = {http://dx.doi.org/10.1086/507405}}
